<?xml version="1.0" encoding="UTF-8"?><record xmlns="http://www.loc.gov/MARC21/slim" xmlns:cinclude="http://apache.org/cocoon/include/1.0" xmlns:zs="http://www.loc.gov/zing/srw/">
  <leader>00627nz  a2200145n  4500</leader>
  <controlfield tag="001">no2011166347</controlfield>
  <controlfield tag="003">DLC</controlfield>
  <controlfield tag="005">20111028075235.0</controlfield>
  <controlfield tag="008">111026n| acannaabn          |a aaa     c</controlfield>
  <datafield tag="010" ind1=" " ind2=" ">
    <subfield code="a">no2011166347</subfield>
  </datafield>
  <datafield tag="035" ind1=" " ind2=" ">
    <subfield code="a">(OCoLC)oca09017860</subfield>
  </datafield>
  <datafield tag="040" ind1=" " ind2=" ">
    <subfield code="a">PE-LiPUB</subfield>
    <subfield code="b">eng</subfield>
    <subfield code="c">PE-LiPUB</subfield>
  </datafield>
  <datafield tag="100" ind1="1" ind2=" ">
    <subfield code="a">Flores Morán, Luis Enrique</subfield>
  </datafield>
  <datafield tag="400" ind1="1" ind2=" ">
    <subfield code="a">Morán, Luis Enrique Flores</subfield>
  </datafield>
  <datafield tag="670" ind1=" " ind2=" ">
    <subfield code="a">Estudio de pre-factibilidad para la fabricación de un urinario portátil y descartable para uso femenino, 2011:</subfield>
    <subfield code="b">t.p. (Luis Enrique Flores Morán; Pontificia Universidad Católica del Perú. Facultad de Ciencias e Ingeniería; Licenciado en Ingeniería Civil)</subfield>
  </datafield>
</record>